% biblio.bib
@book{Gray:1992:BHD:530588,
 author = {Gray, Jim},
 title = {Benchmark Handbook: For Database and Transaction Processing Systems},
 year = {1992},
 isbn = {1558601597},
 publisher = {Morgan Kaufmann Publishers Inc.},
 address = {San Francisco, CA, USA},
} 

@misc{SimpleCPP-Windows,
      author = { },
      title = {{SimpleCPP Package for Windows. Available at
"\url{http://www.it.iitb.ac.in/frg/wiki/images/f/f3/Simplecpp-Windows.tar.gz}".
Downloaded in March 2014}},
      month = {},
      year = {},
      url = "http://www.it.iitb.ac.in/frg/wiki/images/f/f3/Simplecpp-Windows.tar.gz"
}

@Article{SRS1998,
  author =       "",
  title =        {{IEEE Recommended Practice for Software Requirements Specifications. IEEE Std 830-1998}},
  journal =      {IEEE Computer Society},
  month =	 {October},
  year =         {1998}
}

@article{ma2015examining,
  title={Examining the necessary condition for engagement in an online learning environment based on learning analytics approach: The role of the instructor},
  author={Ma, Jing and Han, Xibin and Yang, Juan and Cheng, Jiangang},
  journal={The Internet and Higher Education},
  volume={24},
  pages={26--34},
  year={2015},
  publisher={Elsevier}
}
