% biblio.bib
@book{Gray:1992:BHD:530588,
 author = {Gray, Jim},
 title = {Benchmark Handbook: For Database and Transaction Processing Systems},
 year = {1992},
 isbn = {1558601597},
 publisher = {Morgan Kaufmann Publishers Inc.},
 address = {San Francisco, CA, USA},
} 

@misc{IITBombayX,
      author = { },
      title = {{IITBombayX launched on Republic Day - 
\url{http://www.iitb.ac.in/en/breaking-news/iitbombayx-launched-republic-day}}},
      month = {},
      year = {},
      url = "http://www.iitb.ac.in/en/breaking-news/iitbombayx-launched-republic-day"
}

@misc{OPENedXofficialarch,
      author = { },
      title = {{OPENedX official site - 
\url{https://open.edx.org/contributing-to-edx/architecture}}},
      month = {},
      year = {},
      url = "https://open.edx.org/contributing-to-edx/architecture"
}

@misc{Mako,
      author = { },
      title = {{Mako, the template library written in Python, \url{http://www.makotemplates.org/}}},
      month = {},
      year = {},
      url = http://www.makotemplates.org/
}

@misc{Django,
      author = { },
      title = {{Django, the web-development framework for perfectionists with deadlines, \url{https://www.djangoproject.com/}}},
      month = {},
      year = {},
      url = "https://www.djangoproject.com/"
}

@book{fan2003efficient,
  title={Efficient replication of large data objects},
  author={Fan, Rui and Lynch, Nancy},
  year={2003},
  publisher={Springer}
}

@misc{SimpleCPP-Windows,
      author = { },
      title = {{SimpleCPP Package for Windows. Available at "\url{http://www.it.iitb.ac.in/frg/wiki/images/f/f3/Simplecpp-Windows.tar.gz}".
Downloaded in March 2014}},
      month = {},
      year = {},
      url = "http://www.it.iitb.ac.in/frg/wiki/images/f/f3/Simplecpp-Windows.tar.gz"
}

@misc{suel2002algorithms,
  title={Algorithms for delta compression and remote file synchronization},
  author={Suel, Torsten and Memon, Nasir},
  year={2002},
  publisher={Lossless Compression Handbook. Academic Press}
}

@misc{WhatIsBIPlatform,
  title={{What is a BI Platform?, \url{http://www.covaligroup.com/blog/bid/54927/What-is-a-Business-Intelligence-platform}}},
  author={},
  year={}
}

@article{ma2015examining,
  title={Examining the necessary condition for engagement in an online learning environment based on learning analytics approach: The role of the instructor},
  author={Ma, Jing and Han, Xibin and Yang, Juan and Cheng, Jiangang},
  journal={The Internet and Higher Education},
  volume={24},
  pages={26--34},
  year={2015},
  publisher={Elsevier}
}

@misc{edXInsights,
  title={{edX Insights - Overview, \url{http://edx-insights.readthedocs.org/en/latest/Overview.html}}},
  author={},
  year={}
}

@misc{edXInsightsCompRef,
      author = { },
      title = {{Computation reference of edX Insights, \url{http://edx-insights.readthedocs.org/en/latest/Reference.html#reference}}},
      month = {},
      year = {},
      url = "http://edx-insights.readthedocs.org/en/latest/Reference.html#reference"
}

@misc{rsync,
  title={rsync Linux man page, "\url{http://linux.die.net/man/1/rsync}},
  author={},
  year={},
  url="http://linux.die.net/man/1/rsync"
}

@misc{tridgell1996rsync,
  title={The rsync algorithm},
  author={Tridgell, Andrew and Mackerras, Paul and others},
  year={1996}
}

@Article{SRS1998,
  author =       "",
  title =        {{IEEE Recommended Practice for Software Requirements Specifications. IEEE Std 830-1998}},
  journal =      {IEEE Computer Society},
  month =	 {October},
  year =         {1998}
}

@article{Morris2005221,
title = "Tracking student behavior, persistence, and achievement in online courses ",
journal = "The Internet and Higher Education ",
volume = "8",
number = "3",
pages = "221 - 231",
year = "2005",
note = "",
issn = "1096-7516",
doi = "http://dx.doi.org/10.1016/j.iheduc.2005.06.009",
url = "http://www.sciencedirect.com/science/article/pii/S1096751605000412",
author = "Libby V. Morris and Catherine Finnegan and Sz-Shyan Wu",
keywords = "Online learning",
keywords = "Distance education",
keywords = "Higher education "
}

@inproceedings{falakmasir2010using,
  title={Using Educational Data Mining Methods to Study the Impact of Virtual Classroom in E-Learning.},
  author={Falakmasir, Mohammad Hassan and Habibi, Jafar},
  booktitle={EDM},
  pages={241--248},
  year={2010}
}

@article{siemens2011penetrating,
  title={Penetrating the Fog: Analytics in Learning and Education.},
  author={Siemens, George and Long, Phil},
  journal={EDUCAUSE review},
  volume={46},
  number={5},
  pages={30},
  year={2011},
  publisher={EDUCAUSE. 4772 Walnut Street Suite 206, Boulder, CO 80301-2538}
}

@misc{Moodle,
      author = { },
      title = {{Moodle - about Moodle, \url{https://docs.moodle.org/28/en/About_Moodle}}},
      month = {},
      year = {},
      url = "https://docs.moodle.org/28/en/About_Moodle"
}

@misc{MoodlePhilosophy,
      author = { },
      title = {{Moodle - The Philosophy, \url{https://docs.moodle.org/28/en/Philosophy}}},
      month = {},
      year = {},
      url = "https://docs.moodle.org/28/en/Philosophy"
}

@misc{Openstack,
      author = { },
      title = {{OpenStack, \url{http://www.openstack.org/}}},
      month = {},
      year = {},
      url = "http://www.openstack.org/"
}

@misc{OpenstackCompute,
      author = { },
      title = {{OpenStack Compute, \url{http://www.openstack.org/software/openstack-compute/}}},
      month = {},
      year = {},
      url = "http://www.openstack.org/software/openstack-compute/"
}

@misc{OpenstackStorage,
      author = { },
      title = {{OpenStack Storage, \url{http://www.openstack.org/software/openstack-storage/}}},
      month = {},
      year = {},
      url = "http://www.openstack.org/software/openstack-storage/"
}

@misc{OpenstackNW,
      author = { },
      title = {{OpenStack Networking, \url{http://www.openstack.org/software/openstack-networking/}}},
      month = {},
      year = {},
      url = "http://www.openstack.org/software/openstack-networking/"
}

@misc{Swift,
      author = { },
      title = {{Swift - an OpenStack Object Store project, \url{https://wiki.openstack.org/wiki/Swift}}},
      month = {},
      year = {},
      url = "https://wiki.openstack.org/wiki/Swift"
}

@misc{SwiftAPIcomp,
      author = { },
      title = {{Swift API feature comparison, \url{https://wiki.openstack.org/wiki/Swift/APIFeatureComparison}}},
      month = {},
      year = {},
      url = "https://wiki.openstack.org/wiki/Swift/APIFeatureComparison"
}


@misc{JBopenstack,
      author = { },
      title = {{Cloud Founders: The Importance Of OpenStack, \url{http://www.rackspace.com/blog/cloud-founders-the-importance-of-openstack/}}},
      month = {},
      year = {},
      url = "http://www.rackspace.com/blog/cloud-founders-the-importance-of-openstack/"
}

@inproceedings{pavlo2009comparison,
  title={A comparison of approaches to large-scale data analysis},
  author={Pavlo, Andrew and Paulson, Erik and Rasin, Alexander and Abadi, Daniel J and DeWitt, David J and Madden, Samuel and Stonebraker, Michael},
  booktitle={Proceedings of the 2009 ACM SIGMOD International Conference on Management of data},
  pages={165--178},
  year={2009},
  organization={ACM}
}

@misc{pavlobenchmark,
      author = { },
      title = {{Big Data benchmark, \url{https://amplab.cs.berkeley.edu/benchmark/}}},
      month = {},
      year = {},
      url = "https://amplab.cs.berkeley.edu/benchmark/"
}

@misc{apachejmeter,
      author = { },
      title = {{Apache JMeter, \url{http://jmeter.apache.org/}}},
      month = {},
      year = {},
      url = "http://jmeter.apache.org/"
}

